@misc{ROS,
  title = {Robot Operating System},
  howpublished = {\url{https://www.ros.org/}},
  year = {2007},
  note = {Last accessed: 2020-02-10}
}

@misc{Rviz,
  title = {Rviz},
  howpublished = {\url{http://wiki.ros.org/rviz}},

  note = {Last accessed: 2020-02-10}
}

@misc{Gazebo,
  title = {Gazebo},
  howpublished = {\url{http://gazebosim.org/}},
  year = {2004},
  note = {Last accessed: 2019-12-20}
}

@misc{Butterfly,
  title = {Butterfly Terminal},
  howpublished = {\url{https://github.com/paradoxxxzero/butterfly}},
  year = {2013},
  note = {Last accessed: 2019-10-28}
}

@misc{Supervisor,
  title = {Supervisor},
  howpublished = {\url{http://supervisord.org/}},
  note = {Last accessed: 2019-10-28}
}

@misc{Docker,
  title = {Docker},
  howpublished = {\url{https://www.docker.com/}},
  year = {2013},
  note = {Last accessed: 2019-10-28}
}

@misc{JupyterNotebook,
  title = {Jupyter Notebook},
  howpublished = {\url{https://jupyter-notebook.readthedocs.io/en/stable/}},
  year = {2011},
  note = {Last accessed: 2020-03-01}
}

@misc{JupyterLab,
  title = {JupyterLab},
  howpublished = {\url{https://jupyterlab.readthedocs.io/en/stable/}},
  year = {2018},
  note = {Last accessed: 2019-11-15}
}

@misc{rosjupyter,
  title = {Jupyter-ROS},
  howpublished = {\url{https://github.com/RoboStack/jupyter-ros}},
  year = {2019},
  note = {Last accessed: 2019-11-15}
}

@misc{rwt,
  title = {Robot Web Tools},
  howpublished = {\url{http://robotwebtools.org/index.html}},
  year = {2015},
  note = {Last accessed: 2019-10-27}
}

@inproceedings{rwtpaper,
    Author = {Toris, Kammerl, Lu, Lee, Jenkins, Osentoski, Wills and Chernova},
    Title = {Robot Web Tools: Efficient Messaging for Cloud Robotics},
    Booktitle = {Proceedings of the IEEE/RSJ International Conference on Intelligent Robots and Systems (IROS)},
    Year = {2015}
}

@misc{Gitpod,
  title = {Gitpod},
  howpublished = {\url{https://www.gitpod.io/}},
  year = {2018},
  note = {Last accessed: 2020-01-13}
}

@misc{JupyterHub,
  title = {JupyterHub},
  howpublished = {\url{https://jupyterhub.readthedocs.io/en/stable/}},
  year = {2015},
  note = {Last accessed: 2020-02-22}
}

@misc{ROSDS,
  title = {ROS Development Studio},
  howpublished = {\url{https://www.theconstructsim.com/rds-ros-development-studio/}},
  year = {2017},
  note = {Last accessed: 2019-09-28}
}

@misc{Moscow,
  title = {MoSCoW method},
  howpublished = {\url{https://www.productplan.com/glossary/moscow-prioritization/}},
  year = {1994},
  note = {Last accessed: 2019-10-10}
}

@misc{Django,
  title = {Django},
  howpublished = {\url{https://www.djangoproject.com/}},
  year = {2005},
  note = {Last accessed: 2020-04-01}
}

@misc{EclipseTheia,
  title = {Eclipse Theia},
  howpublished = {\url{https://theia-ide.org/}},
  year = {2017},
  note = {Last accessed: 2020-04-01}
}

@misc{Trello,
  title = {Trello},
  howpublished = {\url{https://trello.com/}},
  year = {2011},
  note = {Last accessed: 2020-04-05}
}

@misc{Github,
  title = {Github},
  howpublished = {\url{https://github.com/}},
  year = {2008},
  note = {Last accessed: 2020-04-06}
}

@misc{Bootstrap,
  title = {Bootstrap},
  howpublished = {\url{https://getbootstrap.com/}},
  year = {2011},
  note = {Last accessed: 2019-11-06}
}

@misc{jQuery,
  title = {jQuery},
  howpublished = {\url{https://jquery.com/}},
  year = {2006},
  note = {Last accessed: 2020-03-10}
}

@misc{TigerVNC,
  title = {TigerVNC},
  howpublished = {\url{https://tigervnc.org/}},
  year = {2009},
  note = {Last accessed: 2020-04-03}
}

@misc{noVNC,
  title = {noVNC},
  howpublished = {\url{https://novnc.com/info.html}},
  year = {2011},
  note = {Last accessed: 2020-04-03}
}

@misc{SoCS,
  title = {SoCS Online},
  howpublished = {\url{https://studentltc.dcs.gla.ac.uk/}},
  note = {Last accessed: 2020-04-03}
}

@misc{Coverage,
  title = {Coverage},
  howpublished = {\url{https://coverage.readthedocs.io/en/coverage-5.0.4/}},
  year = {2004},
  note = {Last accessed: 2020-04-03}
}

@misc{Modelmommy,
  title = {Model Mommy},
  howpublished = {\url{https://model-mommy.readthedocs.io/en/latest/basic_usage.html}},
  year = {2011},
  note = {Last accessed: 2020-04-03}
}

@misc{SpectrumChat,
  title = {Spectrum.chat},
  howpublished = {\url{https://spectrum.chat/theia?tab=posts}},
  year = {2017},
  note = {Last accessed: 2019-03-12}
}

@misc{VSMarketplace,
  title = {Visual Studio Code Marketplace},
  howpublished = {\url{https://marketplace.visualstudio.com/vscode}},
  year = {2017},
  note = {Last accessed: 2020-04-03}
}

@misc{pythonextension,
  title = {Python extension for Visual Studio Code},
  howpublished = {\url{https://marketplace.visualstudio.com/items?itemName=ms-python.python}},
  year = {2016},
  note = {Last accessed: 2020-04-03}
}

@misc{browserpreview,
  title = {Browser Preview extension for Visual Studio Code},
  howpublished = {\url{https://marketplace.visualstudio.com/items?itemName=auchenberg.vscode-browser-preview}},
  year = {2019},
  note = {Last accessed: 2020-04-03}
}

@misc{theia0.15.0,
  title = {Eclipse Theia 0.15.0},
  howpublished = {\url{https://projects.eclipse.org/projects/ecd.theia/releases/0.15.0/plan}},
  year = {2020},
  note = {Last accessed: 2020-04-03}
}

@misc{theia0.16.0,
  title = {Eclipse Theia 0.16.0},
  howpublished = {\url{https://projects.eclipse.org/projects/ecd.theia/releases/0.16.0}},
  year = {2020},
  note = {Last accessed: 2020-04-03}
}

@misc{xtermjs,
  title = {Xterm.js},
  howpublished = {\url{https://xtermjs.org/}},
  year = {2016},
  note = {Last accessed: 2020-04-03}
}

@misc{monacoeditor,
  title = {Monaco Editor},
  howpublished = {\url{https://microsoft.github.io/monaco-editor/}},
  year = {2016},
  note = {Last accessed: 2020-04-03}
}

@unpublished{previousl4,
  author       = {Callum Boyd}, 
  title        = {A Web Application for the Robotics
Foundations},
  year         = {2019},
  month        = {3},
  note = {Last accessed: 2020-04-03}
}

